<record><leader>00000cas a22000007a 4500</leader><controlfield tag="001">31348310</controlfield><controlfield tag="008">941024d19181919nyudn ne      0    0eng d</controlfield><datafield ind1=" " ind2=" " tag="010"><subfield code="a">sn 94057951 </subfield></datafield><datafield ind1=" " ind2=" " tag="040"><subfield code="a">NYS</subfield><subfield code="b">eng</subfield><subfield code="c">NYS</subfield><subfield code="d">OCLCQ</subfield></datafield><datafield ind1=" " ind2=" " tag="042"><subfield code="a">msc</subfield></datafield><datafield ind1="0" ind2="0" tag="245"><subfield code="a">Niagara Falls gazette and journal.</subfield></datafield><datafield ind1=" " ind2=" " tag="260"><subfield code="a">Niagara Falls, N.Y. :</subfield><subfield code="b">Niagara Falls Pub. Co.,</subfield><subfield code="c">1918-1919.</subfield></datafield><datafield ind1=" " ind2=" " tag="300"><subfield code="a">v.</subfield></datafield><datafield ind1=" " ind2=" " tag="310"><subfield code="a">Daily (except Sunday)</subfield></datafield><datafield ind1="0" ind2=" " tag="362"><subfield code="a">Vol. 26, no. 66 (June 3, 1918)-v. 27, no. 153 (Sept. 13, 1919).</subfield></datafield><datafield ind1=" " ind2="4" tag="651"><subfield code="a">Niagara Falls (N.Y.)</subfield><subfield code="v">Newspapers.</subfield></datafield><datafield ind1=" " ind2=" " tag="752"><subfield code="a">United States</subfield><subfield code="b">New York</subfield><subfield code="c">Niagara</subfield><subfield code="d">Niagara Falls.</subfield></datafield><datafield ind1="0" ind2="4" tag="780"><subfield code="t">Niagara Falls gazette (Niagara Falls, N.Y. : 1893)</subfield><subfield code="w">(DLC)sn 94057924</subfield></datafield><datafield ind1="0" ind2="4" tag="780"><subfield code="t">Niagara Falls journal (Niagara Falls, N.Y. : Daily)</subfield><subfield code="w">(DLC)sn 84031911</subfield></datafield><datafield ind1="0" ind2="0" tag="785"><subfield code="t">Niagara Falls gazette (Niagara Falls, N.Y. : 1919)</subfield><subfield code="w">(DLC)sn 94057952</subfield></datafield><datafield ind1="1" ind2=" " tag="029"><subfield code="a">AU@</subfield><subfield code="b">000011427609</subfield></datafield></record>